@misc{eurostat_nrg_cb_em,
author = {{Eurostat}},
title = {Supply, transformation and consumption of electricity - monthly data},
year = {2025},
note = {https://doi.org/10.2908/NRG\_CB\_EM, acesso em 18 maio 2025.}
}